% This file was created with Citavi 5.5.0.1

@phdthesis{Kneip.2018,
 author = {Kneip, Nina},
 year = {2018},
 title = {Separation des Radioisotops 53-Mn mittels Resonanzionisations-Massenspektrometrie},
 address = {Mainz},
 publisher = {Institut f{\"u}r Physik},
 school = {{Johannes Gutenberg-Universit{\"a}t Mainz}},
 type = {Masterarbeit}
}


@phdthesis{Naubereit.2012,
 author = {Naubereit, Pascal},
 year = {2012},
 title = {Resonatorinterne Frequenzverdopplung eines gepulsten Titan:Saphir-Lasers},
 address = {Mainz},
 publisher = {Institut f{\"u}r Physik},
 school = {{Johannes Gutenberg-Universit{\"a}t Mainz}},
 type = {Bachelorarbeit}
}


@phdthesis{Naubereit.2014,
 author = {Naubereit, Pascal},
 year = {2014},
 title = {Weiterentwicklung eines weitabstimmbaren Titan:Saphir-Lasers und sein Einsatz zur Spektroskopie hochliegender Resonanzen in Holmium},
 address = {Mainz},
 publisher = {Fachbereich Physik, Mathematik und Informatik (FB 08)},
 school = {{Johannes Gutenberg-Universit{\"a}t Mainz}},
 type = {Masterarbeit}
}


@phdthesis{Raeder.2010,
 author = {Raeder, Sebastian},
 year = {2010},
 title = {Spurenanalyse von Aktiniden in der Umwelt mittels Resonanzionisations-Massenspektrometrie},
 address = {Mainz},
 publisher = {Fachbereich 08:~Physik, Mathematik und Informatik},
 school = {{Johannes Gutenberg-Universit{\"a}t Mainz}},
 type = {Dissertation}
}


@phdthesis{Richter.2015,
 author = {Richter, Sven},
 year = {2015},
 title = {Implementierung der Laserionenquellenfalle LIST~bei ISOLDE und Validierung der Spezifikationen Effizienz und Selektivit{\"a}t},
 address = {Mainz},
 publisher = {Institut f{\"u}r Physik},
 school = {{Johannes Gutenberg-Universit{\"a}t Mainz}},
 type = {Dissertation}
}


